
@misc{Raskin,
title={Tabnabbing: A New Type of Phishing Attack},
author={Aza Raskin},
howpublished={\url{http://www.azarask.in/blog/post/a-new-type-of-phishing-attack/}},
note={Accessed: 2015-04-19}
}

@misc{Adler,
title = {Tabnabbing Without Javascript},
author = {Eitan Adler},
howpublished = {\url{http://blog.eitanadler.com/2010/05/tabnabbing-without-javascript.html}},
note = {Accessed: 2015-04-19}
}

@inproceedings{TabSol,
  title={TabSol: An Efficient Framework to Defend Tabnabbing},
  author={Singh, Amandeep and Tripathy, Somanath},
  booktitle={Information Technology (ICIT), 2014 International Conference on},
  pages={173--178},
  year={2014},
  organization={IEEE}
}

@inproceedings{NoTabNab,
  title={Notabnab: Protection against the “tabnabbing attack”},
  author={Unlu, Seckin Anil and Bicakci, K},
  booktitle={eCrime Researchers Summit (eCrime), 2010},
  pages={1--5},
  year={2010},
  organization={IEEE}
}


@inproceedings{TabShots,
 author = {De Ryck, Philippe and Nikiforakis, Nick and Desmet, Lieven and Joosen, Wouter},
 title = {TabShots: Client-side Detection of Tabnabbing Attacks},
 booktitle = {Proceedings of the 8th ACM SIGSAC Symposium on Information, Computer and Communications Security},
 series = {ASIA CCS '13},
 year = {2013},
 isbn = {978-1-4503-1767-2},
 location = {Hangzhou, China},
 pages = {447--456},
 numpages = {10},
 url = {http://doi.acm.org/10.1145/2484313.2484371},
 doi = {10.1145/2484313.2484371},
 acmid = {2484371},
 publisher = {ACM},
 address = {New York, NY, USA},
 keywords = {client-side protection, phishing, tabnabbing},
} 



@misc{Hybrid,
title = {A Hybrid Approach to Detect Tabnabbing Attacks},
author = {Hana Sadat Fahim Hashemi},
howpublish = {Queen's University},
year = {2014},
note = { Kingston, Ontario, Canada}
}